<record><leader>00000cas a22000007a 4500</leader><controlfield tag="001">18887486</controlfield><controlfield tag="008">881212c19379999mouwr ne      0    0eng d</controlfield><datafield ind1=" " ind2=" " tag="010"><subfield code="a">sn 88068127 </subfield></datafield><datafield ind1=" " ind2=" " tag="040"><subfield code="a">MQN</subfield><subfield code="b">eng</subfield><subfield code="c">MQN</subfield><subfield code="d">OCLCQ</subfield><subfield code="d">DLC</subfield></datafield><datafield ind1=" " ind2=" " tag="042"><subfield code="a">msc</subfield></datafield><datafield ind1="0" ind2=" " tag="130"><subfield code="a">Mountain echo (Annapolis, Mo.)</subfield></datafield><datafield ind1="1" ind2="4" tag="245"><subfield code="a">The Mountain echo.</subfield></datafield><datafield ind1=" " ind2=" " tag="260"><subfield code="a">Annapolis, Mo. :</subfield><subfield code="b">Hurschel H. Hardy</subfield></datafield><datafield ind1=" " ind2=" " tag="300"><subfield code="a">v.</subfield></datafield><datafield ind1=" " ind2=" " tag="310"><subfield code="a">Weekly</subfield></datafield><datafield ind1="1" ind2=" " tag="362"><subfield code="a">Began in 1937?</subfield></datafield><datafield ind1=" " ind2=" " tag="500"><subfield code="a">Publication moved to Ironton, Mo., in 1944.</subfield></datafield><datafield ind1=" " ind2=" " tag="500"><subfield code="a">Published during local school term as school paper of Annapolis High School, &lt;1941&gt;-1943.</subfield></datafield><datafield ind1=" " ind2=" " tag="588"><subfield code="a">Description based on: Vol. 5, no. 16 (Aug. 29, 1941).</subfield></datafield><datafield ind1="2" ind2=" " tag="710"><subfield code="a">Annapolis High School (Annapolis, Mo.)</subfield></datafield><datafield ind1=" " ind2=" " tag="752"><subfield code="a">United States</subfield><subfield code="b">Missouri</subfield><subfield code="c">Iron</subfield><subfield code="d">Ironton.</subfield></datafield><datafield ind1=" " ind2=" " tag="752"><subfield code="a">United States</subfield><subfield code="b">Missouri</subfield><subfield code="c">Iron</subfield><subfield code="d">Annapolis.</subfield></datafield><datafield ind1="0" ind2="5" tag="780"><subfield code="t">Arcadia Valley enterprise</subfield><subfield code="w">(DLC)sn 89066691</subfield></datafield><datafield ind1="0" ind2="5" tag="780"><subfield code="t">Ozark record</subfield><subfield code="w">(DLC)sn 89066692</subfield></datafield><datafield ind1="0" ind2="5" tag="780"><subfield code="t">Iron County register</subfield><subfield code="x">2375-4362</subfield><subfield code="w">(DLC)sn 84024283</subfield><subfield code="w">(OCoLC)10965095</subfield></datafield><datafield ind1="1" ind2=" " tag="029"><subfield code="a">AU@</subfield><subfield code="b">000025827835</subfield></datafield></record>